<record><recordSchema>MARC21-xml</recordSchema><recordPacking>xml</recordPacking><recordData><record xmlns="http://www.loc.gov/MARC21/slim" type="Bibliographic">
    <leader>00000pam a2200000 c 4500</leader>
    <controlfield tag="001">1247291499</controlfield>
    <controlfield tag="003">DE-101</controlfield>
    <controlfield tag="005">20220720220029.0</controlfield>
    <controlfield tag="007">tu</controlfield>
    <controlfield tag="008">211210s2022    gw ||||| m||| 00||||ger  </controlfield>
    <datafield tag="015" ind1=" " ind2=" ">
      <subfield code="a">22,A29</subfield>
      <subfield code="a">22,H08</subfield>
      <subfield code="z">21,N50</subfield>
      <subfield code="2">dnb</subfield>
    </datafield>
    <datafield tag="016" ind1="7" ind2=" ">
      <subfield code="2">DE-101</subfield>
      <subfield code="a">1247291499</subfield>
    </datafield>
    <datafield tag="020" ind1=" " ind2=" ">
      <subfield code="a">9783428184538</subfield>
      <subfield code="c">Festeinband : EUR 89.90 (DE), EUR 92.50 (AT)</subfield>
      <subfield code="9">978-3-428-18453-8</subfield>
    </datafield>
    <datafield tag="020" ind1=" " ind2=" ">
      <subfield code="a">342818453X</subfield>
      <subfield code="9">3-428-18453-X</subfield>
    </datafield>
    <datafield tag="024" ind1="3" ind2=" ">
      <subfield code="a">9783428184538</subfield>
    </datafield>
    <datafield tag="028" ind1="5" ind2="2">
      <subfield code="a">Bestellnummer: 18453</subfield>
    </datafield>
    <datafield tag="035" ind1=" " ind2=" ">
      <subfield code="a">(DE-599)DNB1247291499</subfield>
    </datafield>
    <datafield tag="035" ind1=" " ind2=" ">
      <subfield code="a">(OCoLC)1292741087</subfield>
    </datafield>
    <datafield tag="035" ind1=" " ind2=" ">
      <subfield code="a">(OCoLC)1288568797</subfield>
    </datafield>
    <datafield tag="040" ind1=" " ind2=" ">
      <subfield code="a">1145</subfield>
      <subfield code="b">ger</subfield>
      <subfield code="c">DE-101</subfield>
      <subfield code="d">9999</subfield>
      <subfield code="e">rda</subfield>
    </datafield>
    <datafield tag="041" ind1=" " ind2=" ">
      <subfield code="a">ger</subfield>
    </datafield>
    <datafield tag="044" ind1=" " ind2=" ">
      <subfield code="c">XA-DE-BE</subfield>
    </datafield>
    <datafield tag="082" ind1="0" ind2="4">
      <subfield code="8">9\u</subfield>
      <subfield code="a">340.092</subfield>
      <subfield code="q">DE-101</subfield>
      <subfield code="2">23/ger</subfield>
    </datafield>
    <datafield tag="083" ind1="7" ind2=" ">
      <subfield code="8">10\p</subfield>
      <subfield code="a">340</subfield>
      <subfield code="q">DE-101</subfield>
      <subfield code="2">23sdnb</subfield>
    </datafield>
    <datafield tag="085" ind1=" " ind2=" ">
      <subfield code="8">9\u</subfield>
      <subfield code="b">340</subfield>
    </datafield>
    <datafield tag="085" ind1=" " ind2=" ">
      <subfield code="8">9\u</subfield>
      <subfield code="b">340.092</subfield>
    </datafield>
    <datafield tag="085" ind1=" " ind2=" ">
      <subfield code="8">9\u</subfield>
      <subfield code="z">1</subfield>
      <subfield code="s">092</subfield>
    </datafield>
    <datafield tag="100" ind1="1" ind2=" ">
      <subfield code="8">1\p</subfield>
      <subfield code="0">(DE-588)1250432537</subfield>
      <subfield code="0">https://d-nb.info/gnd/1250432537</subfield>
      <subfield code="0">(DE-101)1250432537</subfield>
      <subfield code="a">Pohle, Hannes</subfield>
      <subfield code="d">1991-</subfield>
      <subfield code="e">Verfasser</subfield>
      <subfield code="4">aut</subfield>
      <subfield code="2">gnd</subfield>
    </datafield>
    <datafield tag="245" ind1="1" ind2="0">
      <subfield code="a">Albert Hänel (1833-1918)</subfield>
      <subfield code="b">Wirken und Werk</subfield>
      <subfield code="c">von Hannes Pohle</subfield>
    </datafield>
    <datafield tag="264" ind1=" " ind2="1">
      <subfield code="a">Berlin</subfield>
      <subfield code="b">Duncker &amp; Humblot</subfield>
      <subfield code="c">[2022]</subfield>
    </datafield>
    <datafield tag="300" ind1=" " ind2=" ">
      <subfield code="a">315 Seiten</subfield>
      <subfield code="b">Illustration</subfield>
      <subfield code="c">24 cm, 590 g</subfield>
    </datafield>
    <datafield tag="336" ind1=" " ind2=" ">
      <subfield code="a">Text</subfield>
      <subfield code="b">txt</subfield>
      <subfield code="2">rdacontent</subfield>
    </datafield>
    <datafield tag="337" ind1=" " ind2=" ">
      <subfield code="a">ohne Hilfsmittel zu benutzen</subfield>
      <subfield code="b">n</subfield>
      <subfield code="2">rdamedia</subfield>
    </datafield>
    <datafield tag="338" ind1=" " ind2=" ">
      <subfield code="a">Band</subfield>
      <subfield code="b">nc</subfield>
      <subfield code="2">rdacarrier</subfield>
    </datafield>
    <datafield tag="490" ind1="1" ind2=" ">
      <subfield code="a">Schriften zur Rechtsgeschichte</subfield>
      <subfield code="v">Band 202</subfield>
    </datafield>
    <datafield tag="502" ind1=" " ind2=" ">
      <subfield code="b">Dissertation</subfield>
      <subfield code="c">Christian-Albrechts-Universität zu Kiel</subfield>
      <subfield code="d">2021</subfield>
    </datafield>
    <datafield tag="600" ind1="1" ind2="7">
      <subfield code="0">(DE-588)118700200</subfield>
      <subfield code="0">https://d-nb.info/gnd/118700200</subfield>
      <subfield code="0">(DE-101)118700200</subfield>
      <subfield code="a">Hänel, Albert</subfield>
      <subfield code="d">1833-1918</subfield>
      <subfield code="9">rswk-swf</subfield>
      <subfield code="2">gnd</subfield>
    </datafield>
    <datafield tag="600" ind1="1" ind2="7">
      <subfield code="8">3\p</subfield>
      <subfield code="0">(DE-588)118700200</subfield>
      <subfield code="0">https://d-nb.info/gnd/118700200</subfield>
      <subfield code="0">(DE-101)118700200</subfield>
      <subfield code="a">Hänel, Albert</subfield>
      <subfield code="d">1833-1918</subfield>
      <subfield code="2">gnd</subfield>
    </datafield>
    <datafield tag="650" ind1=" " ind2="7">
      <subfield code="8">4\p</subfield>
      <subfield code="0">(DE-588)4186908-4</subfield>
      <subfield code="0">https://d-nb.info/gnd/4186908-4</subfield>
      <subfield code="0">(DE-101)041869087</subfield>
      <subfield code="a">Unitarismus</subfield>
      <subfield code="2">gnd</subfield>
    </datafield>
    <datafield tag="650" ind1=" " ind2="7">
      <subfield code="8">5\p</subfield>
      <subfield code="0">(DE-588)4162114-1</subfield>
      <subfield code="0">https://d-nb.info/gnd/4162114-1</subfield>
      <subfield code="0">(DE-101)04162114X</subfield>
      <subfield code="a">Interpellation</subfield>
      <subfield code="2">gnd</subfield>
    </datafield>
    <datafield tag="650" ind1=" " ind2="7">
      <subfield code="8">6\p</subfield>
      <subfield code="0">(DE-588)4035582-2</subfield>
      <subfield code="0">https://d-nb.info/gnd/4035582-2</subfield>
      <subfield code="0">(DE-101)040355829</subfield>
      <subfield code="a">Liberalismus</subfield>
      <subfield code="2">gnd</subfield>
    </datafield>
    <datafield tag="650" ind1=" " ind2="7">
      <subfield code="8">7\p</subfield>
      <subfield code="0">(DE-588)4157079-0</subfield>
      <subfield code="0">https://d-nb.info/gnd/4157079-0</subfield>
      <subfield code="0">(DE-101)041570790</subfield>
      <subfield code="a">Gesetz im materiellen Sinn</subfield>
      <subfield code="2">gnd</subfield>
    </datafield>
    <datafield tag="650" ind1=" " ind2="7">
      <subfield code="8">8\p</subfield>
      <subfield code="0">(DE-588)4048812-3</subfield>
      <subfield code="0">https://d-nb.info/gnd/4048812-3</subfield>
      <subfield code="0">(DE-101)040488128</subfield>
      <subfield code="a">Rechtsnorm</subfield>
      <subfield code="2">gnd</subfield>
    </datafield>
    <datafield tag="653" ind1=" " ind2=" ">
      <subfield code="a">(Produktform)Hardback</subfield>
    </datafield>
    <datafield tag="653" ind1=" " ind2=" ">
      <subfield code="a">(BISAC Subject Heading)LAW060000</subfield>
    </datafield>
    <datafield tag="653" ind1=" " ind2=" ">
      <subfield code="a">(BISAC Subject Heading)BIO000000</subfield>
    </datafield>
    <datafield tag="653" ind1=" " ind2=" ">
      <subfield code="a">(BISAC Subject Heading)POL022000</subfield>
    </datafield>
    <datafield tag="653" ind1=" " ind2=" ">
      <subfield code="a">Biographie</subfield>
    </datafield>
    <datafield tag="653" ind1=" " ind2=" ">
      <subfield code="a">Rechtsgeschichte</subfield>
    </datafield>
    <datafield tag="653" ind1=" " ind2=" ">
      <subfield code="a">Staatsrecht</subfield>
    </datafield>
    <datafield tag="653" ind1=" " ind2=" ">
      <subfield code="a">(Produktrabattgruppe)PRBU: Rabattgruppe Bücher</subfield>
    </datafield>
    <datafield tag="653" ind1=" " ind2=" ">
      <subfield code="a">(BISAC Subject Heading)LAW060000</subfield>
    </datafield>
    <datafield tag="653" ind1=" " ind2=" ">
      <subfield code="a">(VLB-WN)1771: Hardcover, Softcover / Recht/Allgemeines, Lexika</subfield>
    </datafield>
    <datafield tag="653" ind1=" " ind2=" ">
      <subfield code="a">(Produktrabattgruppe)PREP: Rabattgruppe Elektronische Publikationen</subfield>
    </datafield>
    <datafield tag="655" ind1=" " ind2="7">
      <subfield code="0">(DE-588)4113937-9</subfield>
      <subfield code="0">https://d-nb.info/gnd/4113937-9</subfield>
      <subfield code="0">(DE-101)041139372</subfield>
      <subfield code="a">Hochschulschrift</subfield>
      <subfield code="2">gnd-content</subfield>
    </datafield>
    <datafield tag="689" ind1="0" ind2="0">
      <subfield code="0">(DE-588)118700200</subfield>
      <subfield code="0">https://d-nb.info/gnd/118700200</subfield>
      <subfield code="0">(DE-101)118700200</subfield>
      <subfield code="D">p</subfield>
      <subfield code="a">Hänel, Albert</subfield>
      <subfield code="d">1833-1918</subfield>
    </datafield>
    <datafield tag="689" ind1="0" ind2=" ">
      <subfield code="5">DE-101</subfield>
      <subfield code="5">DE-101</subfield>
    </datafield>
    <datafield tag="710" ind1="2" ind2=" ">
      <subfield code="8">2\p</subfield>
      <subfield code="0">(DE-588)5082687-6</subfield>
      <subfield code="0">https://d-nb.info/gnd/5082687-6</subfield>
      <subfield code="0">(DE-101)050826875</subfield>
      <subfield code="a">Duncker &amp; Humblot</subfield>
      <subfield code="e">Verlag</subfield>
      <subfield code="4">pbl</subfield>
      <subfield code="2">gnd</subfield>
    </datafield>
    <datafield tag="776" ind1="0" ind2="8">
      <subfield code="i">Erscheint auch als</subfield>
      <subfield code="n">Online-Ausgabe</subfield>
      <subfield code="a">Pohle, Hannes, 1991-</subfield>
      <subfield code="t">Albert Hänel (1833–1918).</subfield>
      <subfield code="d">Berlin : Duncker &amp; Humblot, 2022</subfield>
      <subfield code="h">Online-Ressource, 315 Seiten, 1 Abb., 315 S.</subfield>
      <subfield code="w">(DE-101)124896862X</subfield>
    </datafield>
    <datafield tag="830" ind1=" " ind2="0">
      <subfield code="a">Schriften zur Rechtsgeschichte</subfield>
      <subfield code="v">Band 202</subfield>
      <subfield code="w">(DE-101)013815571</subfield>
      <subfield code="w">(DE-600)704010-6</subfield>
      <subfield code="9">3202</subfield>
      <subfield code="7">as</subfield>
    </datafield>
    <datafield tag="850" ind1=" " ind2=" ">
      <subfield code="a">DE-101a</subfield>
      <subfield code="a">DE-101b</subfield>
    </datafield>
    <datafield tag="856" ind1="4" ind2="2">
      <subfield code="m">B:DE-101</subfield>
      <subfield code="q">application/pdf</subfield>
      <subfield code="u">https://d-nb.info/1247291499/04</subfield>
      <subfield code="3">Inhaltsverzeichnis</subfield>
    </datafield>
    <datafield tag="883" ind1="2" ind2=" ">
      <subfield code="8">1\p</subfield>
      <subfield code="a">dnb</subfield>
      <subfield code="d">20220208</subfield>
      <subfield code="q">DE-101</subfield>
      <subfield code="u">https://d-nb.info/provenance/plan#dnb</subfield>
    </datafield>
    <datafield tag="883" ind1="1" ind2=" ">
      <subfield code="8">2\p</subfield>
      <subfield code="a">adb</subfield>
      <subfield code="d">20211210</subfield>
      <subfield code="q">DE-101</subfield>
      <subfield code="u">https://d-nb.info/provenance/plan#adb</subfield>
    </datafield>
    <datafield tag="883" ind1="0" ind2=" ">
      <subfield code="8">3\p</subfield>
      <subfield code="a">aepgnd-pa</subfield>
      <subfield code="c">0,12054</subfield>
      <subfield code="d">20220716</subfield>
      <subfield code="q">DE-101</subfield>
      <subfield code="u">https://d-nb.info/provenance/plan#aepgnd-pa</subfield>
    </datafield>
    <datafield tag="883" ind1="0" ind2=" ">
      <subfield code="8">4\p</subfield>
      <subfield code="a">aepgnd-pa</subfield>
      <subfield code="c">0,04884</subfield>
      <subfield code="d">20220716</subfield>
      <subfield code="q">DE-101</subfield>
      <subfield code="u">https://d-nb.info/provenance/plan#aepgnd-pa</subfield>
    </datafield>
    <datafield tag="883" ind1="0" ind2=" ">
      <subfield code="8">5\p</subfield>
      <subfield code="a">aepgnd-pa</subfield>
      <subfield code="c">0,04864</subfield>
      <subfield code="d">20220716</subfield>
      <subfield code="q">DE-101</subfield>
      <subfield code="u">https://d-nb.info/provenance/plan#aepgnd-pa</subfield>
    </datafield>
    <datafield tag="883" ind1="0" ind2=" ">
      <subfield code="8">6\p</subfield>
      <subfield code="a">aepgnd-pa</subfield>
      <subfield code="c">0,04107</subfield>
      <subfield code="d">20220716</subfield>
      <subfield code="q">DE-101</subfield>
      <subfield code="u">https://d-nb.info/provenance/plan#aepgnd-pa</subfield>
    </datafield>
    <datafield tag="883" ind1="0" ind2=" ">
      <subfield code="8">7\p</subfield>
      <subfield code="a">aepgnd-pa</subfield>
      <subfield code="c">0,03749</subfield>
      <subfield code="d">20220716</subfield>
      <subfield code="q">DE-101</subfield>
      <subfield code="u">https://d-nb.info/provenance/plan#aepgnd-pa</subfield>
    </datafield>
    <datafield tag="883" ind1="0" ind2=" ">
      <subfield code="8">8\p</subfield>
      <subfield code="a">aepgnd-pa</subfield>
      <subfield code="c">0,02456</subfield>
      <subfield code="d">20220716</subfield>
      <subfield code="q">DE-101</subfield>
      <subfield code="u">https://d-nb.info/provenance/plan#aepgnd-pa</subfield>
    </datafield>
    <datafield tag="883" ind1="2" ind2=" ">
      <subfield code="8">10\p</subfield>
      <subfield code="a">dnb</subfield>
      <subfield code="d">20220716</subfield>
      <subfield code="q">DE-101</subfield>
      <subfield code="u">https://d-nb.info/provenance/plan#dnb</subfield>
    </datafield>
    <datafield tag="925" ind1="r" ind2=" ">
      <subfield code="a">ra</subfield>
    </datafield>
    <datafield tag="926" ind1="1" ind2=" ">
      <subfield code="a">LAZ</subfield>
      <subfield code="o">93</subfield>
      <subfield code="q">Publisher</subfield>
      <subfield code="v">1.4</subfield>
      <subfield code="x">Rechtsgeschichte</subfield>
    </datafield>
    <datafield tag="926" ind1="2" ind2=" ">
      <subfield code="a">DNBH</subfield>
      <subfield code="o">93</subfield>
      <subfield code="q">Publisher</subfield>
      <subfield code="v">1.4</subfield>
      <subfield code="x">Biografien: historisch, politisch, militärisch</subfield>
    </datafield>
    <datafield tag="926" ind1="2" ind2=" ">
      <subfield code="a">JPHC</subfield>
      <subfield code="o">93</subfield>
      <subfield code="q">Publisher</subfield>
      <subfield code="v">1.4</subfield>
      <subfield code="x">Verfassung: Regierung und Staat</subfield>
    </datafield>
    <datafield tag="926" ind1="2" ind2=" ">
      <subfield code="a">3MNQZ-DE-D</subfield>
      <subfield code="o">96</subfield>
      <subfield code="q">Publisher</subfield>
      <subfield code="v">1.4</subfield>
      <subfield code="x">1871-1914 (Deutsche Kaiserzeit)</subfield>
    </datafield>
  </record></recordData><recordPosition>3</recordPosition></record>