<record><recordSchema>MARC21-xml</recordSchema><recordPacking>xml</recordPacking><recordData><record xmlns="http://www.loc.gov/MARC21/slim" type="Bibliographic">
    <leader>00000nam a2200000uc 4500</leader>
    <controlfield tag="001">126250208X</controlfield>
    <controlfield tag="003">DE-101</controlfield>
    <controlfield tag="005">20220715021101.0</controlfield>
    <controlfield tag="007">cr||||||||||||</controlfield>
    <controlfield tag="008">220714s2022    gw |||||o|||| 00||||ger  </controlfield>
    <datafield tag="015" ind1=" " ind2=" ">
      <subfield code="a">22,O08</subfield>
      <subfield code="2">dnb</subfield>
    </datafield>
    <datafield tag="016" ind1="7" ind2=" ">
      <subfield code="2">DE-101</subfield>
      <subfield code="a">126250208X</subfield>
    </datafield>
    <datafield tag="020" ind1=" " ind2=" ">
      <subfield code="a">9783339124913</subfield>
      <subfield code="9">978-3-339-12491-3</subfield>
    </datafield>
    <datafield tag="020" ind1=" " ind2=" ">
      <subfield code="a">3339124914</subfield>
      <subfield code="9">3-339-12491-4</subfield>
    </datafield>
    <datafield tag="024" ind1="3" ind2=" ">
      <subfield code="a">9783339124913</subfield>
    </datafield>
    <datafield tag="024" ind1="7" ind2=" ">
      <subfield code="2">urn</subfield>
      <subfield code="a">urn:nbn:de:101:1-2022071411083568526831</subfield>
    </datafield>
    <datafield tag="035" ind1=" " ind2=" ">
      <subfield code="a">(DE-599)DNB126250208X</subfield>
    </datafield>
    <datafield tag="040" ind1=" " ind2=" ">
      <subfield code="a">1240</subfield>
      <subfield code="b">ger</subfield>
      <subfield code="c">DE-101</subfield>
      <subfield code="d">0292</subfield>
    </datafield>
    <datafield tag="041" ind1=" " ind2=" ">
      <subfield code="8">1\p</subfield>
      <subfield code="a">ger</subfield>
    </datafield>
    <datafield tag="044" ind1=" " ind2=" ">
      <subfield code="c">XA-DE-HH</subfield>
    </datafield>
    <datafield tag="082" ind1="0" ind2="4">
      <subfield code="8">17\u</subfield>
      <subfield code="8">18\p</subfield>
      <subfield code="a">340.14</subfield>
      <subfield code="q">DE-101</subfield>
      <subfield code="2">23/ger</subfield>
    </datafield>
    <datafield tag="083" ind1="7" ind2=" ">
      <subfield code="8">19\p</subfield>
      <subfield code="a">340</subfield>
      <subfield code="a">400</subfield>
      <subfield code="q">DE-101</subfield>
      <subfield code="2">23sdnb</subfield>
    </datafield>
    <datafield tag="085" ind1=" " ind2=" ">
      <subfield code="8">17\u</subfield>
      <subfield code="b">340</subfield>
    </datafield>
    <datafield tag="085" ind1=" " ind2=" ">
      <subfield code="8">17\u</subfield>
      <subfield code="z">1</subfield>
      <subfield code="s">014</subfield>
    </datafield>
    <datafield tag="100" ind1="1" ind2=" ">
      <subfield code="8">2\p</subfield>
      <subfield code="0">(DE-588)1159356742</subfield>
      <subfield code="0">https://d-nb.info/gnd/1159356742</subfield>
      <subfield code="0">(DE-101)1159356742</subfield>
      <subfield code="a">Osiewicz-Maternowska, Małgorzata</subfield>
      <subfield code="e">Verfasser</subfield>
      <subfield code="4">aut</subfield>
      <subfield code="2">gnd</subfield>
    </datafield>
    <datafield tag="245" ind1="1" ind2="0">
      <subfield code="a">Arbeitsverträge in Polen und in Deutschland – eine Analyse aus translatorischer Sicht</subfield>
      <subfield code="c">Małgorzata Osiewicz-Maternowska</subfield>
    </datafield>
    <datafield tag="250" ind1=" " ind2=" ">
      <subfield code="a">Auflage</subfield>
    </datafield>
    <datafield tag="259" ind1=" " ind2=" ">
      <subfield code="a">au</subfield>
    </datafield>
    <datafield tag="264" ind1=" " ind2="1">
      <subfield code="a">Hamburg</subfield>
      <subfield code="b">Kovac, J</subfield>
      <subfield code="c">2022</subfield>
    </datafield>
    <datafield tag="300" ind1=" " ind2=" ">
      <subfield code="a">Online-Ressource, 116 Seiten</subfield>
    </datafield>
    <datafield tag="336" ind1=" " ind2=" ">
      <subfield code="a">Text</subfield>
      <subfield code="b">txt</subfield>
      <subfield code="2">rdacontent</subfield>
    </datafield>
    <datafield tag="337" ind1=" " ind2=" ">
      <subfield code="a">Computermedien</subfield>
      <subfield code="b">c</subfield>
      <subfield code="2">rdamedia</subfield>
    </datafield>
    <datafield tag="338" ind1=" " ind2=" ">
      <subfield code="a">Online-Ressource</subfield>
      <subfield code="b">cr</subfield>
      <subfield code="2">rdacarrier</subfield>
    </datafield>
    <datafield tag="490" ind1="1" ind2=" ">
      <subfield code="a">TRANSLATOLOGIE – Studien zur Übersetzungswissenschaft</subfield>
      <subfield code="v">32</subfield>
    </datafield>
    <datafield tag="583" ind1="1" ind2=" ">
      <subfield code="a">Archivierung/Langzeitarchivierung gewährleistet</subfield>
      <subfield code="5">DE-101</subfield>
      <subfield code="2">pdager</subfield>
    </datafield>
    <datafield tag="650" ind1=" " ind2="7">
      <subfield code="8">7\p</subfield>
      <subfield code="0">(DE-588)4002802-1</subfield>
      <subfield code="0">https://d-nb.info/gnd/4002802-1</subfield>
      <subfield code="0">(DE-101)04002802X</subfield>
      <subfield code="a">Arbeitsvertrag</subfield>
      <subfield code="9">rswk-swf</subfield>
      <subfield code="2">gnd</subfield>
    </datafield>
    <datafield tag="650" ind1=" " ind2="7">
      <subfield code="8">9\p</subfield>
      <subfield code="0">(DE-588)4048839-1</subfield>
      <subfield code="0">https://d-nb.info/gnd/4048839-1</subfield>
      <subfield code="0">(DE-101)04048839X</subfield>
      <subfield code="a">Rechtssprache</subfield>
      <subfield code="9">rswk-swf</subfield>
      <subfield code="2">gnd</subfield>
    </datafield>
    <datafield tag="650" ind1=" " ind2="7">
      <subfield code="8">11\p</subfield>
      <subfield code="0">(DE-588)4061418-9</subfield>
      <subfield code="0">https://d-nb.info/gnd/4061418-9</subfield>
      <subfield code="0">(DE-101)040614182</subfield>
      <subfield code="a">Übersetzung</subfield>
      <subfield code="9">rswk-swf</subfield>
      <subfield code="2">gnd</subfield>
    </datafield>
    <datafield tag="650" ind1=" " ind2="7">
      <subfield code="8">13\p</subfield>
      <subfield code="0">(DE-588)4113292-0</subfield>
      <subfield code="0">https://d-nb.info/gnd/4113292-0</subfield>
      <subfield code="0">(DE-101)041132920</subfield>
      <subfield code="a">Deutsch</subfield>
      <subfield code="9">rswk-swf</subfield>
      <subfield code="2">gnd</subfield>
    </datafield>
    <datafield tag="650" ind1=" " ind2="7">
      <subfield code="8">15\p</subfield>
      <subfield code="0">(DE-588)4120314-8</subfield>
      <subfield code="0">https://d-nb.info/gnd/4120314-8</subfield>
      <subfield code="0">(DE-101)041203143</subfield>
      <subfield code="a">Polnisch</subfield>
      <subfield code="9">rswk-swf</subfield>
      <subfield code="2">gnd</subfield>
    </datafield>
    <datafield tag="651" ind1=" " ind2="7">
      <subfield code="8">3\p</subfield>
      <subfield code="0">(DE-588)4011882-4</subfield>
      <subfield code="0">https://d-nb.info/gnd/4011882-4</subfield>
      <subfield code="0">(DE-101)040118827</subfield>
      <subfield code="a">Deutschland</subfield>
      <subfield code="9">rswk-swf</subfield>
      <subfield code="2">gnd</subfield>
    </datafield>
    <datafield tag="651" ind1=" " ind2="7">
      <subfield code="8">5\p</subfield>
      <subfield code="0">(DE-588)4046496-9</subfield>
      <subfield code="0">https://d-nb.info/gnd/4046496-9</subfield>
      <subfield code="0">(DE-101)040464962</subfield>
      <subfield code="a">Polen</subfield>
      <subfield code="9">rswk-swf</subfield>
      <subfield code="2">gnd</subfield>
    </datafield>
    <datafield tag="653" ind1=" " ind2=" ">
      <subfield code="a">(Produktform)Electronic book text</subfield>
    </datafield>
    <datafield tag="653" ind1=" " ind2=" ">
      <subfield code="a">(Zielgruppe)Fachpublikum/ Wissenschaft</subfield>
    </datafield>
    <datafield tag="653" ind1=" " ind2=" ">
      <subfield code="a">Arbeitsvertrag</subfield>
    </datafield>
    <datafield tag="653" ind1=" " ind2=" ">
      <subfield code="a">Arbeitsrecht</subfield>
    </datafield>
    <datafield tag="653" ind1=" " ind2=" ">
      <subfield code="a">Übersetzung</subfield>
    </datafield>
    <datafield tag="653" ind1=" " ind2=" ">
      <subfield code="a">Rechtswissenschaft</subfield>
    </datafield>
    <datafield tag="653" ind1=" " ind2=" ">
      <subfield code="a">Beschäftigungsformen</subfield>
    </datafield>
    <datafield tag="653" ind1=" " ind2=" ">
      <subfield code="a">Juristensprache</subfield>
    </datafield>
    <datafield tag="653" ind1=" " ind2=" ">
      <subfield code="a">Musterverträge</subfield>
    </datafield>
    <datafield tag="653" ind1=" " ind2=" ">
      <subfield code="a">Fachtermini</subfield>
    </datafield>
    <datafield tag="653" ind1=" " ind2=" ">
      <subfield code="a">(VLB-WN)2561: TB/Allgemeine und Vergleichende Sprachwissenschaft</subfield>
    </datafield>
    <datafield tag="689" ind1="0" ind2="0">
      <subfield code="8">4\p</subfield>
      <subfield code="0">(DE-588)4011882-4</subfield>
      <subfield code="0">https://d-nb.info/gnd/4011882-4</subfield>
      <subfield code="0">(DE-101)040118827</subfield>
      <subfield code="D">g</subfield>
      <subfield code="a">Deutschland</subfield>
    </datafield>
    <datafield tag="689" ind1="0" ind2="1">
      <subfield code="8">6\p</subfield>
      <subfield code="0">(DE-588)4046496-9</subfield>
      <subfield code="0">https://d-nb.info/gnd/4046496-9</subfield>
      <subfield code="0">(DE-101)040464962</subfield>
      <subfield code="D">g</subfield>
      <subfield code="a">Polen</subfield>
    </datafield>
    <datafield tag="689" ind1="0" ind2="2">
      <subfield code="8">8\p</subfield>
      <subfield code="0">(DE-588)4002802-1</subfield>
      <subfield code="0">https://d-nb.info/gnd/4002802-1</subfield>
      <subfield code="0">(DE-101)04002802X</subfield>
      <subfield code="D">s</subfield>
      <subfield code="a">Arbeitsvertrag</subfield>
    </datafield>
    <datafield tag="689" ind1="0" ind2="3">
      <subfield code="8">10\p</subfield>
      <subfield code="0">(DE-588)4048839-1</subfield>
      <subfield code="0">https://d-nb.info/gnd/4048839-1</subfield>
      <subfield code="0">(DE-101)04048839X</subfield>
      <subfield code="D">s</subfield>
      <subfield code="a">Rechtssprache</subfield>
    </datafield>
    <datafield tag="689" ind1="0" ind2="4">
      <subfield code="8">12\p</subfield>
      <subfield code="0">(DE-588)4061418-9</subfield>
      <subfield code="0">https://d-nb.info/gnd/4061418-9</subfield>
      <subfield code="0">(DE-101)040614182</subfield>
      <subfield code="D">s</subfield>
      <subfield code="a">Übersetzung</subfield>
    </datafield>
    <datafield tag="689" ind1="0" ind2="5">
      <subfield code="8">14\p</subfield>
      <subfield code="0">(DE-588)4113292-0</subfield>
      <subfield code="0">https://d-nb.info/gnd/4113292-0</subfield>
      <subfield code="0">(DE-101)041132920</subfield>
      <subfield code="D">s</subfield>
      <subfield code="a">Deutsch</subfield>
    </datafield>
    <datafield tag="689" ind1="0" ind2="6">
      <subfield code="8">16\p</subfield>
      <subfield code="0">(DE-588)4120314-8</subfield>
      <subfield code="0">https://d-nb.info/gnd/4120314-8</subfield>
      <subfield code="0">(DE-101)041203143</subfield>
      <subfield code="D">s</subfield>
      <subfield code="a">Polnisch</subfield>
    </datafield>
    <datafield tag="689" ind1="0" ind2=" ">
      <subfield code="5">DE-101</subfield>
      <subfield code="5">DE-101</subfield>
    </datafield>
    <datafield tag="830" ind1=" " ind2="0">
      <subfield code="a">TRANSLATOLOGIE – Studien zur Übersetzungswissenschaft</subfield>
      <subfield code="v">32</subfield>
    </datafield>
    <datafield tag="850" ind1=" " ind2=" ">
      <subfield code="a">DE-101a</subfield>
      <subfield code="a">DE-101b</subfield>
    </datafield>
    <datafield tag="856" ind1="4" ind2="0">
      <subfield code="u">https://nbn-resolving.org/urn:nbn:de:101:1-2022071411083568526831</subfield>
      <subfield code="x">Resolving-System</subfield>
    </datafield>
    <datafield tag="856" ind1=" " ind2="0">
      <subfield code="u">https://d-nb.info/126250208X/34</subfield>
      <subfield code="x">Langzeitarchivierung Nationalbibliothek</subfield>
    </datafield>
    <datafield tag="856" ind1="4" ind2=" ">
      <subfield code="q">application/pdf</subfield>
    </datafield>
    <datafield tag="856" ind1="4" ind2="2">
      <subfield code="m">X:NP</subfield>
      <subfield code="q">text/html</subfield>
      <subfield code="u">https://www.verlagdrkovac.de/978-3-339-12491-3.htm</subfield>
      <subfield code="3">Ausführliche Beschreibung</subfield>
    </datafield>
    <datafield tag="883" ind1="1" ind2=" ">
      <subfield code="8">1\p</subfield>
      <subfield code="a">npi</subfield>
      <subfield code="d">20220714</subfield>
      <subfield code="q">DE-101</subfield>
      <subfield code="u">https://d-nb.info/provenance/plan#npi</subfield>
    </datafield>
    <datafield tag="883" ind1="2" ind2=" ">
      <subfield code="8">2\p</subfield>
      <subfield code="a">dnb-pa</subfield>
      <subfield code="d">20220715</subfield>
      <subfield code="q">DE-101</subfield>
      <subfield code="u">https://d-nb.info/provenance/plan#dnb-pa</subfield>
    </datafield>
    <datafield tag="883" ind1="2" ind2=" ">
      <subfield code="8">3\p</subfield>
      <subfield code="a">dnb-pa</subfield>
      <subfield code="d">20220715</subfield>
      <subfield code="q">DE-101</subfield>
      <subfield code="u">https://d-nb.info/provenance/plan#dnb-pa</subfield>
    </datafield>
    <datafield tag="883" ind1="2" ind2=" ">
      <subfield code="8">4\p</subfield>
      <subfield code="a">dnb-pa</subfield>
      <subfield code="d">20220715</subfield>
      <subfield code="q">DE-101</subfield>
      <subfield code="u">https://d-nb.info/provenance/plan#dnb-pa</subfield>
    </datafield>
    <datafield tag="883" ind1="2" ind2=" ">
      <subfield code="8">5\p</subfield>
      <subfield code="a">dnb-pa</subfield>
      <subfield code="d">20220715</subfield>
      <subfield code="q">DE-101</subfield>
      <subfield code="u">https://d-nb.info/provenance/plan#dnb-pa</subfield>
    </datafield>
    <datafield tag="883" ind1="2" ind2=" ">
      <subfield code="8">6\p</subfield>
      <subfield code="a">dnb-pa</subfield>
      <subfield code="d">20220715</subfield>
      <subfield code="q">DE-101</subfield>
      <subfield code="u">https://d-nb.info/provenance/plan#dnb-pa</subfield>
    </datafield>
    <datafield tag="883" ind1="2" ind2=" ">
      <subfield code="8">7\p</subfield>
      <subfield code="a">dnb-pa</subfield>
      <subfield code="d">20220715</subfield>
      <subfield code="q">DE-101</subfield>
      <subfield code="u">https://d-nb.info/provenance/plan#dnb-pa</subfield>
    </datafield>
    <datafield tag="883" ind1="2" ind2=" ">
      <subfield code="8">8\p</subfield>
      <subfield code="a">dnb-pa</subfield>
      <subfield code="d">20220715</subfield>
      <subfield code="q">DE-101</subfield>
      <subfield code="u">https://d-nb.info/provenance/plan#dnb-pa</subfield>
    </datafield>
    <datafield tag="883" ind1="2" ind2=" ">
      <subfield code="8">9\p</subfield>
      <subfield code="a">dnb-pa</subfield>
      <subfield code="d">20220715</subfield>
      <subfield code="q">DE-101</subfield>
      <subfield code="u">https://d-nb.info/provenance/plan#dnb-pa</subfield>
    </datafield>
    <datafield tag="883" ind1="2" ind2=" ">
      <subfield code="8">10\p</subfield>
      <subfield code="a">dnb-pa</subfield>
      <subfield code="d">20220715</subfield>
      <subfield code="q">DE-101</subfield>
      <subfield code="u">https://d-nb.info/provenance/plan#dnb-pa</subfield>
    </datafield>
    <datafield tag="883" ind1="2" ind2=" ">
      <subfield code="8">11\p</subfield>
      <subfield code="a">dnb-pa</subfield>
      <subfield code="d">20220715</subfield>
      <subfield code="q">DE-101</subfield>
      <subfield code="u">https://d-nb.info/provenance/plan#dnb-pa</subfield>
    </datafield>
    <datafield tag="883" ind1="2" ind2=" ">
      <subfield code="8">12\p</subfield>
      <subfield code="a">dnb-pa</subfield>
      <subfield code="d">20220715</subfield>
      <subfield code="q">DE-101</subfield>
      <subfield code="u">https://d-nb.info/provenance/plan#dnb-pa</subfield>
    </datafield>
    <datafield tag="883" ind1="2" ind2=" ">
      <subfield code="8">13\p</subfield>
      <subfield code="a">dnb-pa</subfield>
      <subfield code="d">20220715</subfield>
      <subfield code="q">DE-101</subfield>
      <subfield code="u">https://d-nb.info/provenance/plan#dnb-pa</subfield>
    </datafield>
    <datafield tag="883" ind1="2" ind2=" ">
      <subfield code="8">14\p</subfield>
      <subfield code="a">dnb-pa</subfield>
      <subfield code="d">20220715</subfield>
      <subfield code="q">DE-101</subfield>
      <subfield code="u">https://d-nb.info/provenance/plan#dnb-pa</subfield>
    </datafield>
    <datafield tag="883" ind1="2" ind2=" ">
      <subfield code="8">15\p</subfield>
      <subfield code="a">dnb-pa</subfield>
      <subfield code="d">20220715</subfield>
      <subfield code="q">DE-101</subfield>
      <subfield code="u">https://d-nb.info/provenance/plan#dnb-pa</subfield>
    </datafield>
    <datafield tag="883" ind1="2" ind2=" ">
      <subfield code="8">16\p</subfield>
      <subfield code="a">dnb-pa</subfield>
      <subfield code="d">20220715</subfield>
      <subfield code="q">DE-101</subfield>
      <subfield code="u">https://d-nb.info/provenance/plan#dnb-pa</subfield>
    </datafield>
    <datafield tag="883" ind1="2" ind2=" ">
      <subfield code="8">18\p</subfield>
      <subfield code="a">dnb-pa</subfield>
      <subfield code="d">20220715</subfield>
      <subfield code="q">DE-101</subfield>
      <subfield code="u">https://d-nb.info/provenance/plan#dnb-pa</subfield>
    </datafield>
    <datafield tag="883" ind1="2" ind2=" ">
      <subfield code="8">19\p</subfield>
      <subfield code="a">dnb-pa</subfield>
      <subfield code="d">20220715</subfield>
      <subfield code="q">DE-101</subfield>
      <subfield code="u">https://d-nb.info/provenance/plan#dnb-pa</subfield>
    </datafield>
    <datafield tag="925" ind1="r" ind2=" ">
      <subfield code="a">ro</subfield>
      <subfield code="a">ra</subfield>
    </datafield>
    <datafield tag="926" ind1="1" ind2=" ">
      <subfield code="a">C</subfield>
      <subfield code="o">93</subfield>
      <subfield code="q">Publisher</subfield>
      <subfield code="v">1.4</subfield>
      <subfield code="x">Sprache und Sprachwissenschaft</subfield>
    </datafield>
    <datafield tag="926" ind1="2" ind2=" ">
      <subfield code="a">D</subfield>
      <subfield code="o">93</subfield>
      <subfield code="q">Publisher</subfield>
      <subfield code="v">1.4</subfield>
      <subfield code="x">Biographie, Literatur und Literaturwissenschaft</subfield>
    </datafield>
  </record></recordData><recordPosition>4</recordPosition></record>