<record><recordSchema>MARC21-xml</recordSchema><recordPacking>xml</recordPacking><recordData><record xmlns="http://www.loc.gov/MARC21/slim" type="Bibliographic">
    <leader>00000pam a2200000 c 4500</leader>
    <controlfield tag="001">1246767414</controlfield>
    <controlfield tag="003">DE-101</controlfield>
    <controlfield tag="005">20220630223021.0</controlfield>
    <controlfield tag="007">tu</controlfield>
    <controlfield tag="008">211130s2022    gw ||||| |||| 00||||ger  </controlfield>
    <datafield tag="015" ind1=" " ind2=" ">
      <subfield code="a">22,A27</subfield>
      <subfield code="z">21,N49</subfield>
      <subfield code="2">dnb</subfield>
    </datafield>
    <datafield tag="016" ind1="7" ind2=" ">
      <subfield code="2">DE-101</subfield>
      <subfield code="a">1246767414</subfield>
    </datafield>
    <datafield tag="020" ind1=" " ind2=" ">
      <subfield code="a">9783867528146</subfield>
      <subfield code="c">Broschur : circa EUR 10.90 (DE), circa EUR 11.30 (AT)</subfield>
      <subfield code="9">978-3-86752-814-6</subfield>
    </datafield>
    <datafield tag="020" ind1=" " ind2=" ">
      <subfield code="a">3867528144</subfield>
      <subfield code="9">3-86752-814-4</subfield>
    </datafield>
    <datafield tag="024" ind1="3" ind2=" ">
      <subfield code="a">9783867528146</subfield>
    </datafield>
    <datafield tag="035" ind1=" " ind2=" ">
      <subfield code="a">(DE-599)DNB1246767414</subfield>
    </datafield>
    <datafield tag="035" ind1=" " ind2=" ">
      <subfield code="a">(OCoLC)1287934181</subfield>
    </datafield>
    <datafield tag="040" ind1=" " ind2=" ">
      <subfield code="a">1145</subfield>
      <subfield code="b">ger</subfield>
      <subfield code="c">DE-101</subfield>
      <subfield code="d">9999</subfield>
      <subfield code="e">rda</subfield>
    </datafield>
    <datafield tag="041" ind1=" " ind2=" ">
      <subfield code="a">ger</subfield>
    </datafield>
    <datafield tag="044" ind1=" " ind2=" ">
      <subfield code="c">XA-DE-NW</subfield>
    </datafield>
    <datafield tag="082" ind1="0" ind2="4">
      <subfield code="8">4\u</subfield>
      <subfield code="a">340.076</subfield>
      <subfield code="q">DE-101</subfield>
      <subfield code="2">23/ger</subfield>
    </datafield>
    <datafield tag="083" ind1="7" ind2=" ">
      <subfield code="8">5\p</subfield>
      <subfield code="a">340</subfield>
      <subfield code="q">DE-101</subfield>
      <subfield code="2">23sdnb</subfield>
    </datafield>
    <datafield tag="085" ind1=" " ind2=" ">
      <subfield code="8">4\u</subfield>
      <subfield code="b">340</subfield>
    </datafield>
    <datafield tag="085" ind1=" " ind2=" ">
      <subfield code="8">4\u</subfield>
      <subfield code="z">1</subfield>
      <subfield code="s">076</subfield>
    </datafield>
    <datafield tag="100" ind1="1" ind2=" ">
      <subfield code="8">1\p</subfield>
      <subfield code="0">(DE-588)172930383</subfield>
      <subfield code="0">https://d-nb.info/gnd/172930383</subfield>
      <subfield code="0">(DE-101)172930383</subfield>
      <subfield code="a">Pense, Uwe</subfield>
      <subfield code="d">1959-</subfield>
      <subfield code="e">Verfasser</subfield>
      <subfield code="4">aut</subfield>
      <subfield code="2">gnd</subfield>
    </datafield>
    <datafield tag="240" ind1="1" ind2="0">
      <subfield code="0">(DE-588)1193063663</subfield>
      <subfield code="0">https://d-nb.info/gnd/1193063663</subfield>
      <subfield code="0">(DE-101)1193063663</subfield>
      <subfield code="a">Klausur und Hausarbeit</subfield>
      <subfield code="2">gnd</subfield>
    </datafield>
    <datafield tag="245" ind1="1" ind2="0">
      <subfield code="a">Basiswissen Methodik der Fallbearbeitung im Studium und Examen</subfield>
      <subfield code="b">wie schreibe ich eine Klausur?</subfield>
      <subfield code="c">Dr. Uwe Pense (Richter am Landgericht), Dr. Jan Stefan Lüdde (Rechtsanwalt und Repetitor)</subfield>
    </datafield>
    <datafield tag="250" ind1=" " ind2=" ">
      <subfield code="a">5. Auflage</subfield>
    </datafield>
    <datafield tag="259" ind1=" " ind2=" ">
      <subfield code="a">15</subfield>
    </datafield>
    <datafield tag="264" ind1=" " ind2="1">
      <subfield code="a">Münster</subfield>
      <subfield code="b">Alpmann und Schmidt Juristische Lehrgänge Verlagsges. mbH &amp; Co. KG</subfield>
      <subfield code="c">2022</subfield>
    </datafield>
    <datafield tag="300" ind1=" " ind2=" ">
      <subfield code="a">IV, 138 Seiten</subfield>
      <subfield code="c">23 cm, 241 g</subfield>
    </datafield>
    <datafield tag="336" ind1=" " ind2=" ">
      <subfield code="a">Text</subfield>
      <subfield code="b">txt</subfield>
      <subfield code="2">rdacontent</subfield>
    </datafield>
    <datafield tag="337" ind1=" " ind2=" ">
      <subfield code="a">ohne Hilfsmittel zu benutzen</subfield>
      <subfield code="b">n</subfield>
      <subfield code="2">rdamedia</subfield>
    </datafield>
    <datafield tag="338" ind1=" " ind2=" ">
      <subfield code="a">Band</subfield>
      <subfield code="b">nc</subfield>
      <subfield code="2">rdacarrier</subfield>
    </datafield>
    <datafield tag="650" ind1=" " ind2="7">
      <subfield code="0">(DE-588)4193203-1</subfield>
      <subfield code="0">https://d-nb.info/gnd/4193203-1</subfield>
      <subfield code="0">(DE-101)04193203X</subfield>
      <subfield code="a">Rechtsfall</subfield>
      <subfield code="9">rswk-swf</subfield>
      <subfield code="2">gnd</subfield>
    </datafield>
    <datafield tag="650" ind1=" " ind2="7">
      <subfield code="0">(DE-588)4120981-3</subfield>
      <subfield code="0">https://d-nb.info/gnd/4120981-3</subfield>
      <subfield code="0">(DE-101)041209818</subfield>
      <subfield code="a">Bearbeitung</subfield>
      <subfield code="9">rswk-swf</subfield>
      <subfield code="2">gnd</subfield>
    </datafield>
    <datafield tag="650" ind1=" " ind2="7">
      <subfield code="0">(DE-588)4029067-0</subfield>
      <subfield code="0">https://d-nb.info/gnd/4029067-0</subfield>
      <subfield code="0">(DE-101)040290670</subfield>
      <subfield code="a">Juristisches Studium</subfield>
      <subfield code="9">rswk-swf</subfield>
      <subfield code="2">gnd</subfield>
    </datafield>
    <datafield tag="650" ind1=" " ind2="7">
      <subfield code="0">(DE-588)4130588-7</subfield>
      <subfield code="0">https://d-nb.info/gnd/4130588-7</subfield>
      <subfield code="0">(DE-101)041305884</subfield>
      <subfield code="a">Schriftliche Prüfung</subfield>
      <subfield code="9">rswk-swf</subfield>
      <subfield code="2">gnd</subfield>
    </datafield>
    <datafield tag="651" ind1=" " ind2="7">
      <subfield code="0">(DE-588)4011882-4</subfield>
      <subfield code="0">https://d-nb.info/gnd/4011882-4</subfield>
      <subfield code="0">(DE-101)040118827</subfield>
      <subfield code="a">Deutschland</subfield>
      <subfield code="9">rswk-swf</subfield>
      <subfield code="2">gnd</subfield>
    </datafield>
    <datafield tag="651" ind1=" " ind2="7">
      <subfield code="0">(DE-588)4011882-4</subfield>
      <subfield code="0">https://d-nb.info/gnd/4011882-4</subfield>
      <subfield code="0">(DE-101)040118827</subfield>
      <subfield code="a">Deutschland</subfield>
      <subfield code="9">rswk-swf</subfield>
      <subfield code="2">gnd</subfield>
    </datafield>
    <datafield tag="653" ind1=" " ind2=" ">
      <subfield code="a">(Produktform)Paperback / softback</subfield>
    </datafield>
    <datafield tag="653" ind1=" " ind2=" ">
      <subfield code="a">Klausurtechnik</subfield>
    </datafield>
    <datafield tag="653" ind1=" " ind2=" ">
      <subfield code="a">Gutachten</subfield>
    </datafield>
    <datafield tag="653" ind1=" " ind2=" ">
      <subfield code="a">Fallbearbeitung</subfield>
    </datafield>
    <datafield tag="653" ind1=" " ind2=" ">
      <subfield code="a">(Produktrabattgruppe)23: A-Rabatt</subfield>
    </datafield>
    <datafield tag="653" ind1=" " ind2=" ">
      <subfield code="a">(VLB-WN)1771: Hardcover, Softcover / Recht/Allgemeines, Lexika</subfield>
    </datafield>
    <datafield tag="655" ind1=" " ind2="7">
      <subfield code="0">(DE-588)4153616-2</subfield>
      <subfield code="0">https://d-nb.info/gnd/4153616-2</subfield>
      <subfield code="0">(DE-101)041536169</subfield>
      <subfield code="a">Fallsammlung</subfield>
      <subfield code="2">gnd-content</subfield>
    </datafield>
    <datafield tag="689" ind1="0" ind2="0">
      <subfield code="0">(DE-588)4011882-4</subfield>
      <subfield code="0">https://d-nb.info/gnd/4011882-4</subfield>
      <subfield code="0">(DE-101)040118827</subfield>
      <subfield code="D">g</subfield>
      <subfield code="a">Deutschland</subfield>
    </datafield>
    <datafield tag="689" ind1="0" ind2="1">
      <subfield code="0">(DE-588)4193203-1</subfield>
      <subfield code="0">https://d-nb.info/gnd/4193203-1</subfield>
      <subfield code="0">(DE-101)04193203X</subfield>
      <subfield code="D">s</subfield>
      <subfield code="a">Rechtsfall</subfield>
    </datafield>
    <datafield tag="689" ind1="0" ind2="2">
      <subfield code="0">(DE-588)4120981-3</subfield>
      <subfield code="0">https://d-nb.info/gnd/4120981-3</subfield>
      <subfield code="0">(DE-101)041209818</subfield>
      <subfield code="D">s</subfield>
      <subfield code="a">Bearbeitung</subfield>
    </datafield>
    <datafield tag="689" ind1="0" ind2=" ">
      <subfield code="5">DE-101</subfield>
      <subfield code="5">DE-101</subfield>
    </datafield>
    <datafield tag="689" ind1="1" ind2="0">
      <subfield code="0">(DE-588)4011882-4</subfield>
      <subfield code="0">https://d-nb.info/gnd/4011882-4</subfield>
      <subfield code="0">(DE-101)040118827</subfield>
      <subfield code="D">g</subfield>
      <subfield code="a">Deutschland</subfield>
    </datafield>
    <datafield tag="689" ind1="1" ind2="1">
      <subfield code="0">(DE-588)4029067-0</subfield>
      <subfield code="0">https://d-nb.info/gnd/4029067-0</subfield>
      <subfield code="0">(DE-101)040290670</subfield>
      <subfield code="D">s</subfield>
      <subfield code="a">Juristisches Studium</subfield>
    </datafield>
    <datafield tag="689" ind1="1" ind2="2">
      <subfield code="0">(DE-588)4130588-7</subfield>
      <subfield code="0">https://d-nb.info/gnd/4130588-7</subfield>
      <subfield code="0">(DE-101)041305884</subfield>
      <subfield code="D">s</subfield>
      <subfield code="a">Schriftliche Prüfung</subfield>
    </datafield>
    <datafield tag="689" ind1="1" ind2=" ">
      <subfield code="5">DE-101</subfield>
      <subfield code="5">DE-101</subfield>
    </datafield>
    <datafield tag="700" ind1="1" ind2=" ">
      <subfield code="8">2\p</subfield>
      <subfield code="0">(DE-588)141264489</subfield>
      <subfield code="0">https://d-nb.info/gnd/141264489</subfield>
      <subfield code="0">(DE-101)141264489</subfield>
      <subfield code="a">Lüdde, Jan Stefan</subfield>
      <subfield code="d">1982-</subfield>
      <subfield code="e">Verfasser</subfield>
      <subfield code="4">aut</subfield>
      <subfield code="2">gnd</subfield>
    </datafield>
    <datafield tag="710" ind1="2" ind2=" ">
      <subfield code="8">3\p</subfield>
      <subfield code="0">(DE-588)1065135955</subfield>
      <subfield code="0">https://d-nb.info/gnd/1065135955</subfield>
      <subfield code="0">(DE-101)1065135955</subfield>
      <subfield code="a">Alpmann und Schmidt Juristische Lehrgänge Verlagsgesellschaft mbH &amp; Co. KG</subfield>
      <subfield code="e">Verlag</subfield>
      <subfield code="4">pbl</subfield>
      <subfield code="2">gnd</subfield>
    </datafield>
    <datafield tag="780" ind1="0" ind2="0">
      <subfield code="i">Vorangegangen ist</subfield>
      <subfield code="z">9783867526999</subfield>
    </datafield>
    <datafield tag="850" ind1=" " ind2=" ">
      <subfield code="a">DE-101a</subfield>
      <subfield code="a">DE-101b</subfield>
    </datafield>
    <datafield tag="856" ind1="4" ind2="2">
      <subfield code="m">B:DE-101</subfield>
      <subfield code="q">application/pdf</subfield>
      <subfield code="u">https://d-nb.info/1246767414/04</subfield>
      <subfield code="3">Inhaltsverzeichnis</subfield>
    </datafield>
    <datafield tag="883" ind1="2" ind2=" ">
      <subfield code="8">1\p</subfield>
      <subfield code="a">dnb</subfield>
      <subfield code="d">20220629</subfield>
      <subfield code="q">DE-101</subfield>
      <subfield code="u">https://d-nb.info/provenance/plan#dnb</subfield>
    </datafield>
    <datafield tag="883" ind1="2" ind2=" ">
      <subfield code="8">2\p</subfield>
      <subfield code="a">dnb</subfield>
      <subfield code="d">20220629</subfield>
      <subfield code="q">DE-101</subfield>
      <subfield code="u">https://d-nb.info/provenance/plan#dnb</subfield>
    </datafield>
    <datafield tag="883" ind1="1" ind2=" ">
      <subfield code="8">3\p</subfield>
      <subfield code="a">adb</subfield>
      <subfield code="d">20211004</subfield>
      <subfield code="q">DE-101</subfield>
      <subfield code="u">https://d-nb.info/provenance/plan#adb</subfield>
    </datafield>
    <datafield tag="883" ind1="2" ind2=" ">
      <subfield code="8">5\p</subfield>
      <subfield code="a">dnb</subfield>
      <subfield code="d">20220630</subfield>
      <subfield code="q">DE-101</subfield>
      <subfield code="u">https://d-nb.info/provenance/plan#dnb</subfield>
    </datafield>
    <datafield tag="925" ind1="r" ind2=" ">
      <subfield code="a">ra</subfield>
    </datafield>
    <datafield tag="926" ind1="1" ind2=" ">
      <subfield code="a">LA</subfield>
      <subfield code="o">93</subfield>
      <subfield code="q">Publisher</subfield>
      <subfield code="v">1.4</subfield>
      <subfield code="x">Rechtswissenschaft, allgemein</subfield>
    </datafield>
  </record></recordData><recordPosition>6</recordPosition></record>