<record><recordSchema>MARC21-xml</recordSchema><recordPacking>xml</recordPacking><recordData><record xmlns="http://www.loc.gov/MARC21/slim" type="Bibliographic">
    <leader>00000nab a2200000 cc4500</leader>
    <controlfield tag="001">1270630105</controlfield>
    <controlfield tag="003">DE-101</controlfield>
    <controlfield tag="005">20221019200129.0</controlfield>
    <controlfield tag="007">tu</controlfield>
    <controlfield tag="008">221019s2022    gw u||p|  ||| 0||||1ger  </controlfield>
    <datafield tag="016" ind1="7" ind2=" ">
      <subfield code="2">DE-101</subfield>
      <subfield code="a">1270630105</subfield>
    </datafield>
    <datafield tag="022" ind1=" " ind2=" ">
      <subfield code="a">1866-0606</subfield>
    </datafield>
    <datafield tag="035" ind1=" " ind2=" ">
      <subfield code="a">(DE-599)DNB1270630105</subfield>
    </datafield>
    <datafield tag="040" ind1=" " ind2=" ">
      <subfield code="a">1199</subfield>
      <subfield code="b">ger</subfield>
      <subfield code="c">DE-101</subfield>
      <subfield code="d">9999</subfield>
    </datafield>
    <datafield tag="041" ind1=" " ind2=" ">
      <subfield code="a">ger</subfield>
    </datafield>
    <datafield tag="044" ind1=" " ind2=" ">
      <subfield code="c">XA-DE</subfield>
    </datafield>
    <datafield tag="082" ind1="7" ind2="4">
      <subfield code="a">340</subfield>
      <subfield code="q">DE-101</subfield>
      <subfield code="2">23sdnb</subfield>
    </datafield>
    <datafield tag="245" ind1="0" ind2="0">
      <subfield code="a">Bonner Rechtsjournal</subfield>
      <subfield code="n">Ausg.2.2022</subfield>
    </datafield>
    <datafield tag="264" ind1="3" ind2="1">
      <subfield code="a">Bonn</subfield>
      <subfield code="b">Bonner Rechtsjournal</subfield>
      <subfield code="c">2022</subfield>
    </datafield>
    <datafield tag="336" ind1=" " ind2=" ">
      <subfield code="a">Text</subfield>
      <subfield code="b">txt</subfield>
      <subfield code="2">rdacontent</subfield>
    </datafield>
    <datafield tag="337" ind1=" " ind2=" ">
      <subfield code="a">ohne Hilfsmittel zu benutzen</subfield>
      <subfield code="b">n</subfield>
      <subfield code="2">rdamedia</subfield>
    </datafield>
    <datafield tag="338" ind1=" " ind2=" ">
      <subfield code="a">Band</subfield>
      <subfield code="b">nc</subfield>
      <subfield code="2">rdacarrier</subfield>
    </datafield>
    <datafield tag="773" ind1="0" ind2="8">
      <subfield code="q">ausg 12 42022</subfield>
      <subfield code="w">(DE-101)987532383</subfield>
    </datafield>
    <datafield tag="850" ind1=" " ind2=" ">
      <subfield code="a">DE-101a</subfield>
      <subfield code="a">DE-101b</subfield>
    </datafield>
    <datafield tag="925" ind1="r" ind2=" ">
      <subfield code="a">rb</subfield>
    </datafield>
  </record></recordData><recordPosition>10</recordPosition></record></records><nextRecordPosition>11</nextRecordPosition><echoedSearchRetrieveRequest><version>1.1</version><query>ddc all "340"</query><xQuery xmlns:xsi="http://www.w3.org/2001/XMLSchema-instance" xsi:nil="true"/><recordSchema>MARC21-xml</recordSchema></echoedSearchRetrieveRequest></searchRetrieveResponse>